@BOOK{Ruiz:2004,
   author     = {Blas C. Ruiz},
   title      = {Razonando con Haskell. Un curso sobre programaci\'on funcional},
   school     = {Universidad de M\'alaga},
   publisher  = {Thomson},
   year       = 2004
}

@BOOK{LYAH,
   author     = {Miran Lipovaca},
   title      = {Learn You a Haskell for Great Good!: A Beginner's Guide},
   publisher  = {No Starch Press},
   year       = 2011
}

@BOOK{CTFTS,
   author     = {David D. Spivak},
   title      = {Category Theory for the Sciences},
   publisher  = {MIT Press},
   year       = 2014
}

@ARTICLE{Bailey,
   author = {D. H. Bailey and P. Swarztrauber},
   title = {The fractional {F}ourier transform and applications},
   journal = {SIAM Rev.},
   volume = 33,
   number = 3,
   pages = {389--404},
   year = 1991
   }